<?xml version="1.0" encoding="UTF-8"?><collection xmlns="http://www.loc.gov/MARC21/slim"><record><leader>00574nam--2200181-i-4500</leader><controlfield tag="001">000045032</controlfield><controlfield tag="002">20161230</controlfield><controlfield tag="005">20161230201044</controlfield><controlfield tag="008">060222s1000------------r-----000-0-eng-d</controlfield><datafield ind1=" " ind2=" " tag="040"><subfield code="a">IFIN-HH</subfield></datafield><datafield ind1=" " ind2=" " tag="080"><subfield code="a">533.9.082</subfield></datafield><datafield ind1="1" ind2=" " tag="100"><subfield code="a">Tolok, V.T</subfield></datafield><datafield ind1="1" ind2="0" tag="245"><subfield code="a">Recent advances in plasma diagnostics</subfield><subfield code="b">A special report / translated from russian</subfield><subfield code="c">V.T. Tolok (Ed.)</subfield></datafield><datafield ind1=" " ind2=" " tag="260"><subfield code="a">New York, Consultants Bureau, 1971,</subfield></datafield><datafield ind1=" " ind2=" " tag="300"><subfield code="a">3 volume</subfield></datafield><datafield ind1=" " ind2=" " tag="787"><subfield code="a">Vol. 3</subfield><subfield code="h">73 p</subfield><subfield code="t">Corpuscular, Correlation, Bolometric and Other Techniques</subfield></datafield><datafield ind1=" " ind2=" " tag="852"><subfield code="a">38329</subfield><subfield code="c">533.9</subfield></datafield><datafield ind1=" " ind2=" " tag="CAT"><subfield code="a">Sys</subfield><subfield code="c">20100923</subfield><subfield code="h">153927</subfield></datafield></record></collection>